% This file was created with JabRef 2.3.1.
% Encoding: Cp1252






% Games Versus %

@techreport{rttvsrts2,
	title = {\textbf{Step by Step vs. Catch Me If You Can - On The Benefit of Rounds in Location-based Games}},
	author = {{Daniel Schuster} and {Danny Kiefner} and {Robert L\"ubke} and {Thomas Springer} and {Pascal Bihler} and {Holger M\"ugge}},
	institution = {{Institute of Computer Science III Universit\"at Bonn} and {Computer Networks Group Technische Universit\"at Dresden}},
	year = {2012}
}



% Communication Protocols %
@techreport{websockets,
	title = {\textbf{The WebSocket Protocol (RFC 6455)}},
	author = {{I. Fette} and {A. Melnikov}},
	year = {2011},
	month = {December},
	institution = {Internet Engineering Task Force (IETF)},	
	howpublished = {\url{http://tools.ietf.org/html/rfc6455}},
}

@techreport{webrtc,
	title = {\textbf{WebRTC 1.0: Real-time Communication Between Browsers}},
	author = {{Adam Bergkvist} and {Daniel C. Burnett} and {Cullen Jennings} and {Anant Narayanan}},
	year = {2012},
	month = {august},
	day = {21},
	institution = {World Wide Web Consortium},
	howpublished = {\url{http://www.w3.org/TR/webrtc/}},
}
@techreport{rtp,
	title = {\textbf{Real Time Transport Protocol (RFC 3550)}},
	author = {{H. Schulzrinne} and {S. Casner} and {R. Frederick, V. Jacobson}},
	year = {2003},
	month = {July},
	institution = {Network Working Group},	
	howpublished = {\url{http://www.rfc-editor.org/rfc/rfc3550.pdf}},	
}

@techreport{tcp,
	title = {\textbf{Transmission Control Protocol (RFC 793)}},
	author = {Information Sciences Institute},
	year = {1981},
	month = {September},
	institution = {University of Southern California},
	howpublished = {\url{https://tools.ietf.org/rfc/rfc793.txt}}
}

@techreport{udp,
	title = {\textbf{User Datagram Protocol (RFC 768)}},
	author = {Information Sciences Institute},
	year = {1980},
	month = {September},
	institution = {University of Southern California},
	howpublished = {\url{http://www.ietf.org/rfc/rfc768.txt}}
}








% Papers on place-based augmented reality games %
@techreport{pbarg1,
	title = {\textbf{Wherever you go, there you are: Place-based Augmented Reality Games for Learning}},
	author = {{Kurt D. Squire} and {Mingfong Jan} and {James Matthews} and {Mark Wagler} and {John Martin} and {Ben Devane} and {Chris Holden}},
	year = {2006},
	institution = {{University of Wisconsin-Madison} and {Academic ADL Colab, Madison WI}}
}
@techreport{pbarg2,
	title = {\textbf{Extending a Game Authoring Tool for Ubiquitous Education}},
	author = {{Eugenio J. Marchiori} and {Javier Torrente} and {\'Angel del Blanco} and {Iv\'an Mart\'inez-Ortiz} and {Baltasar Fern\'andez-Manj\'on}},
	institution = {Department of Software Engineering and Artificial Intelligence, Complutense University, Madrid},
	year = {2010}	
}
@techreport{pbarg3,
	title = {\textbf{ARIS - An open source platform for developing mobile learning experiences}},
	author = {David J. Gagnon},
	year = {2010},
	month = {December},
	institution = {The University of Wisconsin - Madison},	
}
@techreport{pbarg4,
	title = {\textbf{WeQuest: A Mobile Alternate Reality Gaming Platform and Intelligent End-User Authoring Tool}},
	author = {{Chinmay Barve} and {Sanjeet Hajarnis} and {Devika Karnik} and {Mark O. Riedl}},
	institution = {School of Interactive Computing, Georgia Institute of Technology},
	organization = {Sixth AAAI Conference on Artificial Intelligence and Interactive Digital Entertainment}
}
@techreport{pbarg5,
	title = {\textbf{Leveraging Mobile Games for Placebased Language Learning}},
	author = {{Christopher L. Holden} and {Julie M. Sykes}},
	institution = {University of New Mexico},
	year = {2010},
	month = {May}
}
@techreport{pbarg6,
	title = {\textbf{Using a studio-based pedagogy to engage students in the design of mobile-based media}},
	author = {James M. Mathews},
	year = {2010},
	institution = {University of Wisconsin}
}




% Papers on similar games %
@techreport{teamtags,
	title = {\textbf{TeamTags: Domination - An AGPS game for mobile phones}},
	author = {{Andreas Ritzberger} and {Stephan A. Drab}},
	institution = {{Upper Austria University of Applied Sciences - Media Technology and Design} and {Upper Austria University of Applied Sciences Hagenberg - Mobile Computing}},
	year = {2004}
}




% Papers on GPS accuracy %

@proceedings{gps1,
	title = {\textbf{Field trial on GPS Accuracy in a medium size city: The influence of builtup}},
	author = {{Marko Modsching} and {Ronny Kramer} and {Klaus ten Hagen}},
	institution = {University of Applied Sciences Zittau/G\"orlitz, Germany},
	organization = {3rd Workshop On Positioning, Navigation And Communication (WPNCï¿½06)},
	year = {2006}
}









