% This file was created with JabRef 2.3.1.
% Encoding: Cp1252


% Websites - on the widespread of mobile devices %
@MISC{bloomberg,
	author = {Jun Yang},
	title = {Smartphones in Use Surpass 1 Billion, Will Double by 2015},
	year = {2012},
	month = {October},	
	url = {\url{http://www.bloomberg.com/news/2012-10-17/smartphones-in-use-surpass-1-billion-will-double-by-2015.html}},
	note = {\url{http://www.bloomberg.com/news/2012-10-17/smartphones-in-use-surpass-1-billion-will-double-by-2015.html}},
}

% Websites - mobile games %
@MISC{aris,	
	title = {ARIS Games},	
	url = {\url{http://arisgames.org/}},
	note = {\url{http://arisgames.org/}},
}
@MISC{tourality,	
	title = {Tourality},		
	url = {\url{http://www.tourality.com/}},
	note = {\url{http://www.tourality.com/}},
}
@MISC{wherigo,	
	title = {Wherigo},		
	url = {\url{http://www.wherigo.com/}},
	note = {\url{http://www.wherigo.com/}}
}
@MISC{contagion,	
	title = {conTAGion},		
	url = {\url{http://www.2clams.com/}},
	note = {\url{http://www.2clams.com/}}
}
@MISC{shadowcities,	
	title = {Shadow Cities},		
	url = {\url{http://www.shadowcities.com/}},
	note = {\url{http://www.shadowcities.com/}}
}
@MISC{scvngr,	
	title = {SCVNGR},		
	url = {\url{http://www.scvngr.com/}},
	note = {\url{http://www.scvngr.com/}}
}
@MISC{pleasestaycalm,	
	title = {Please Stay Calm},		
	url = {\url{http://pleasestaycalm.com/}},
	note = {\url{http://pleasestaycalm.com/}}
}
@MISC{parallelmafia,	
	title = {Parallel Mafia},		
	url = {\url{http://www.parallelmafia.com/}},
	note = {\url{http://www.parallelmafia.com/}}
}
@MISC{parallelkingdom,	
	title = {Parallel Kingdom},		
	url = {\url{http://www.parallelkingdom.com/}},
	note = {\url{http://www.parallelkingdom.com/}}
}
@MISC{tripventure,	
	title = {Tripventure},		
	url = {\url{http://www.tripventure.net/tripventure/}},
	note = {\url{http://www.tripventure.net/tripventure/}}
}
@MISC{warfinger,	
	title = {Warfinger GPS},		
	url = {\url{http://www.warfingergps.com/}},
	note = {\url{http://www.warfingergps.com/}}
}
@MISC{totem,	
	title = {Totem},		
	url = {\url{http://www.fit.fraunhofer.de/en/fb/cscw/projects/totem.html}},
	note = {\url{http://www.fit.fraunhofer.de/en/fb/cscw/projects/totem.html}}
}
@MISC{portalhunt,	
	title = {Portal Hunt},		
	url = {\url{http://www.totem-games.org/?q=portalhunt}},
	note = {\url{http://www.totem-games.org/?q=portalhunt}}
}
@MISC{amazing,	
	title = {aMazing},		
	url = {\url{http://www.totem-games.org/?q=aMazing}},
	note = {\url{http://www.totem-games.org/?q=aMazing}}
}
@MISC{ingress,	
	title = {Ingress},		
	url = {\url{http://www.ingress.com/}},
	note = {\url{http://www.ingress.com/}}
}
@MISC{mobilewar,	
	title = {Mobile War},		
	url = {\url{http://www.mobilewar.org/index.php/en/}},
	note = {\url{http://www.mobilewar.org/index.php/en/}}
}
@MISC{misterxmobile,
	title = {Mister X Mobile},		
	url = {\url{http://qeevee.com/projects/misterx}},
	note = {\url{http://qeevee.com/projects/misterx}}
}
@MISC{mobilisxhunt,	
	title = {Mobilis XHunt},		
	url = {\url{https://github.com/danielschuster/mobilis/wiki/Mobilis-XHunt}},
	note = {\url{https://github.com/danielschuster/mobilis/wiki/Mobilis-XHunt}}
}
@MISC{ownthisworld,	
	title = {Own This World},		
	url = {\url{http://www.ownthisworld.com/}},
	note = {\url{http://www.ownthisworld.com/}}
}
@MISC{mapattack,	
	title = {MapAttack},		
	url = {\url{http://mapattack.org/}},
	note = {\url{http://mapattack.org/}}
}



% Definitions - Game Genres %
@MISC{rts,	
	title = {Definition - Real Time Strategy Game},		
	url = {\url{http://encyclopedia2.thefreedictionary.com/Real-time+strategy+game}},
	note = {\url{http://encyclopedia2.thefreedictionary.com/Real-time+strategy+game}}	
}
@MISC{rts2,
	title = {Best real time strategy games, definition and meaning},
	url = {\url{http://www.examiner.com/article/the-definition-and-meaning-of-real-time-strategy-games}},
	note = {\url{http://www.examiner.com/article/the-definition-and-meaning-of-real-time-strategy-games}}
}
@MISC{rts3,
	title = {Real-Time Strategy (RTS)},
	url = {\url{http://www.techopedia.com/definition/1923/real-time-strategy-rts}},
	note = {\url{http://www.techopedia.com/definition/1923/real-time-strategy-rts}}
}
@MISC{rts4,
	title = {RTS - Real Time Strategy},
	url = {\url{http://vgstrategies.about.com/od/strategyglossary/g/rts.htm}},
	note = {\url{http://vgstrategies.about.com/od/strategyglossary/g/rts.htm}}
}
@MISC{rtt,	
	title = {Definition - Real Time Tactics Game},		
	url = {\url{http://encyclopedia.thefreedictionary.com/Real-time+tactics}},
	note = {\url{http://encyclopedia.thefreedictionary.com/Real-time+tactics}}	
}
@MISC{mmo,	
	title = {Definition - Massively Multiplayer Online Game},		
	url = {\url{http://encyclopedia.thefreedictionary.com/Massively+Multiplayer+Online}},
	note = {\url{http://encyclopedia.thefreedictionary.com/Massively+Multiplayer+Online}}	
}
@MISC{adv,	
	title = {Definition - Adventure Game},		
	url = {\url{http://encyclopedia.thefreedictionary.com/adventure+game}},
	note = {\url{http://encyclopedia.thefreedictionary.com/adventure+game}}	
}
@MISC{cas,	
	title = {Definition - Casual Game},		
	url = {\url{http://encyclopedia.thefreedictionary.com/casual+game}},
	note = {\url{http://encyclopedia.thefreedictionary.com/casual+game}}	
}
@MISC{rac,	
	title = {Definition - Racing Game},		
	url = {\url{http://encyclopedia.thefreedictionary.com/Racing+game}},
	note = {\url{http://encyclopedia.thefreedictionary.com/Racing+game}}	
}
@MISC{sho,	
	title = {Definition - Shooter Game},		
	url = {\url{http://encyclopedia.thefreedictionary.com/Shooter+game}},
	note = {\url{http://encyclopedia.thefreedictionary.com/Shooter+game}}	
}
@MISC{tbs,
	title = {Definition - Turn Based Strategy Game},
	url = {\url{http://encyclopedia.thefreedictionary.com/Turn+based+strategy}},
	note = {\url{http://encyclopedia.thefreedictionary.com/Turn+based+strategy}}
}
@MISC{lbg,
	title = {Definition - Location Based Game (Location-enabled Game)},
	url = {\url{http://encyclopedia.thefreedictionary.com/location+based+game}},
	note = {\url{http://encyclopedia.thefreedictionary.com/location+based+game}}
}



% Board Games %

@MISC{scotlandyard,
	title = {Scotland Yard},
	url = {\url{http://boardgamegeek.com/boardgame/438/scotland-yard}},
	note = {\url{http://boardgamegeek.com/boardgame/438/scotland-yard}}
}
@MISC{catan,
	title = {Catan},
	url = {\url{http://boardgamegeek.com/boardgame/13/the-settlers-of-catan}},
	note = {\url{http://boardgamegeek.com/boardgame/13/the-settlers-of-catan}}
}
@MISC{monopoly,
	title = {Monopoly},
	url = {\url{http://boardgamegeek.com/boardgame/1406/monopoly}},
	note = {\url{http://boardgamegeek.com/boardgame/1406/monopoly}}
}


% Games Versus %
@MISC{rtsvstbs,
	title = {Real-time Strategy (RTS) vs Turn-based Strategy (TBS). Who wins?},	
	url = {\url{http://www.spacesector.com/blog/2010/08/real-time-strategy-rts-vs-turn-based-strategy-tbs-who-wins/}},
	note = {\url{http://www.spacesector.com/blog/2010/08/real-time-strategy-rts-vs-turn-based-strategy-tbs-who-wins/}}
}
@MISC{rttvsrts,
	title = {What are Real-time tactics games? RTT games, definition and meaning},	
	url = {\url{http://www.examiner.com/article/what-are-real-time-tactics-games-rtt-games}},
	note = {\url{http://www.examiner.com/article/what-are-real-time-tactics-games-rtt-games}}
}
@MISC{rttvsrts2,
	title = {Step by Step vs. Catch Me If You Can - On The Benefit of Rounds in Location-based Games},
	author = {Pascal Bihler, Holger M\"ugge, Daniel Schuster, Danny Kiefner, Robert L\"ubke, Thomas Springer},
	institution = {Institute of Computer Science III Universit\"at Bonn & Computer Networks Group Technische Universit\"at Dresden},
	year = {2012}
}



% Communication Protocols %
@MISC{websockets,
	title = {Websockets},	
	url = {\url{http://www.websocket.org/}},
	note = {\url{http://www.websocket.org/}}
}
@MISC{webrtc,
	title = {WebRTC},	
	url = {\url{http://www.webrtc.org/}},
	note = {\url{http://www.webrtc.org/}}
}
@MISC{rtp,
	title = {Real Time Transport Protocol},	
	url = {\url{http://www.ietf.org/rfc/rfc1889.txt}},
	note = {\url{http://www.ietf.org/rfc/rfc1889.txt}}
}



% NodeJS vs Apache %
@MISC{nodejs,
	title = {NodeJS},
	url = {\url{http://nodejs.org/}},
	note = {\url{http://nodejs.org/}}
}
@MISC{nodejs2,
	title = {Node.js: Microsoft’s Web Empire is Coming to an End},
	url = {\url{http://www.dacris.com/blog/2011/08/31/node-js-microsofts-web-empire-is-coming-to-an-end/}},
	note = {\url{http://www.dacris.com/blog/2011/08/31/node-js-microsofts-web-empire-is-coming-to-an-end/}}
}
@MISC{eventloop,
	title = {Event Loop},
	url = {\url{http://blog.mixu.net/2011/02/01/understanding-the-node-js-event-loop/}},
	note = {\url{http://blog.mixu.net/2011/02/01/understanding-the-node-js-event-loop/}}
}
@MISC{apache,
	title = {Apache Web Server},
	url = {\url{http://httpd.apache.org/}},
	note = {\url{http://httpd.apache.org/}}
}
@MISC{nodejsvsapache,
	title = {Benchmarking Node.js - basic performance tests against Apache + PHP},	
	url = {\url{http://zgadzaj.com/benchmarking-nodejs-basic-performance-tests-against-apache-php}},
	note = {\url{http://zgadzaj.com/benchmarking-nodejs-basic-performance-tests-against-apache-php}}
}



% Pros and Cons of cross platform vs native %
@MISC{nativevscrossplatform,
	title = {The Pros and Cons of Cross-Platform App Design},
	url = {\url{http://mashable.com/2012/02/16/cross-platform-app-design-pros-cons/}},
	note = {\url{http://mashable.com/2012/02/16/cross-platform-app-design-pros-cons/}}
}
@MISC{nativevscrossplatform2,
	title = {Native vs. Cross-Platform Development: Which is the way to go?},
	url = {\url{http://awesomegiant.com/blog/native-vs-cross-platform-development-which-way-go}},
	note = {\url{http://awesomegiant.com/blog/native-vs-cross-platform-development-which-way-go}}
}



% Papers on place-based augmented reality games %
@MISC{pbarg1,
	title = {Wherever you go, there you are: Place-based Augmented Reality Games for Learning},
	author = {Kurt D. Squire, Mingfong Jan, James Matthews, Mark Wagler, John Martin, Ben Devane, Chris Holden}
}
@MISC{pbarg2,
	title = {Extending a Game Authoring Tool for Ubiquitous Education},
	author = {Eugenio J. Marchiori, Javier Torrente, \'Angel del Blanco, Iv\'an Mart\'inez-Ortiz, Baltasar Fern\'andez-Manj\'on},
	institution = {Department of Software Engineering and Artificial Intelligence, Complutense University, Madrid}	
}
@MISC{pbarg3,
	title = {ARIS - An open source platform for developing mobile learning experiences},
	author = {David J. Gagnon},
	institution = {The University of Wisconsin - Madison},	
}
@MISC{pbarg4,
	title = {WeQuest: A Mobile Alternate Reality Gaming Platform and Intelligent End-User Authoring Tool},
	author = {Chinmay Barve, Sanjeet Hajarnis, Devika Karnik, Mark O. Riedl},
	institution = {School of Interactive Computing, Georgia Institute of Technology}
}
@MISC{pbarg5,
	title = {Leveraging Mobile Games for Placebased Language Learning},
	author = {Christopher L. Holden, Julie M. Sykes},
	institution = {University of New Mexico}
}
@MISC{pbarg6,
	title = {Using a studio-based pedagogy to engage students in the design of mobile-based media},
	author = {James M. Mathews},
	institution = {University of Wisconsin}
}

% Airsoft %
@MISC{airsoft,
	title = {Definition - Airsoft},
	url = {\url{http://encyclopedia.thefreedictionary.com/airsoft}},
	note = {\url{http://encyclopedia.thefreedictionary.com/airsoft}} 
}
